@article{fusion1,
  title={Fast approximate energy minimization via graph cuts},
  author={Boykov, Yuri and Veksler, Olga and Zabih, Ramin},
  journal={IEEE Transactions on pattern analysis and machine intelligence},
  volume={23},
  number={11},
  pages={1222--1239},
  year={2001},
  publisher={IEEE}
}


@article{fusion2,
  title={What energy functions can be minimized via graph cuts?},
  author={Kolmogorov, Vladimir and Zabin, Ramin},
  journal={IEEE transactions on pattern analysis and machine intelligence},
  volume={26},
  number={2},
  pages={147--159},
  year={2004},
  publisher={IEEE}
}



@article{fusion3,
  title={An experimental comparison of min-cut/max-flow algorithms for energy minimization in vision},
  author={Boykov, Yuri and Kolmogorov, Vladimir},
  journal={IEEE transactions on pattern analysis and machine intelligence},
  volume={26},
  number={9},
  pages={1124--1137},
  year={2004},
  publisher={IEEE}
}

@article{intensity,
  title={Efficient graph-based image segmentation},
  author={Felzenszwalb, Pedro F and Huttenlocher, Daniel P},
  journal={International journal of computer vision},
  volume={59},
  number={2},
  pages={167--181},
  year={2004},
  publisher={Springer}
}

@article{gabor,
  title={Relations between the statistics of natural images and the response properties of cortical cells},
  author={Field, David J},
  journal={JOSA A},
  volume={4},
  number={12},
  pages={2379--2394},
  year={1987},
  publisher={Optical Society of America}
}




@inproceedings{prev,
  title={Image segmentation through energy minimization based subspace fusion},
  author={Corso, Jason J and Dewan, Maneesh and Hager, Gregory D},
  booktitle={Pattern Recognition, 2004. ICPR 2004. Proceedings of the 17th International Conference on},
  volume={2},
  pages={120--123},
  year={2004},
  organization={IEEE}
}


@inproceedings{cell,
  title={An optimal algorithm for approximate nearest neighbor searching in fixed dimensions},
  author={Arya, Sunil and Mount, David M and Netanyahu, Nathan and Silverman, Ruth and Wu, Angela Y},
  booktitle={Proc. 5th ACM-SIAM Sympos. Discrete Algorithms},
  pages={573--582},
  year={1994}
}


